@article{loureiro2004importancia,
  title={A import{\^a}ncia da educa{\c{c}}{\~a}o alimentar: o papel das escolas promotoras de sa{\'u}de},
  author={Loureiro, Isabel},
  journal={Revista Portuguesa de Sa{\'u}de P{\'u}blica},
  volume={22},
  number={2},
  pages={43--55},
  year={2004},
  publisher={Escola Nacional de Sa{\'u}de P{\'u}blica. Universidade NOVA de Lisboa}
}
@misc{metodolo8:online,
author = {DIEESE},
title = {Metodologia da Cesta Básica de Alimentos},
howpublished = {Disponível em: \url{https://www.dieese.org.br/metodologia/metodologiaCestaBasica.pdf}},
year = {2019},
note = {Acesso em: 06/04/2019}
}
@article{bezerra2013efeito,
  title={Efeito ancoragem e rela{\c{c}}{\~o}es de consumo: um estudo com produtos da cesta b{\'a}sica},
  author={Bezerra, Jo{\~a}o Matheus Fran{\c{c}}a and Leone, Rodrigo Jos{\'e} Guerra},
  journal={Revista Ambiente Cont{\'a}bil},
  volume={5},
  number={2},
  pages={68--85},
  year={2013},
  publisher={Centro de Ci{\^e}ncias Sociais Aplicadas, Departamento de Ci{\^e}ncias Cont{\'a}beis~…}
}
@article{moran1997utilizar,
  title={Como utilizar a Internet na educa{\c{c}}{\~a}o},
  author={Moran, Jos{\'e} Manuel},
  journal={Ci{\^e}ncia da informa{\c{c}}{\~a}o},
  volume={26},
  number={2},
  year={1997},
  publisher={SciELO Brasil}
}
@phdthesis{junior2009sistemas,
  title={Sistemas de informa{\c{c}}{\~a}o baseados na tecnologia web: um estudo sobre seu desenvolvimento.},
  author={Junior, Zaneti and Antonio, Luiz},
  year={2009},
  school={Universidade de S{\~a}o Paulo}
}
@article{garcia2002internet,
  title={A Internet como nova m{\'\i}dia na educa{\c{c}}{\~a}o},
  author={Garcia, Paulo S{\'e}rgio},
  journal={Dispon{\'\i}vel em: \url{http://www.educadores.diaadia.pr.gov.br/arquivos/File/2010/artigos_teses/EAD/NOVAMIDIA.PDF} [capturado em fevereiro de 2005]},
  year={2002}
}
@book{miletto2014desenvolvimento,
  title={Desenvolvimento de Software II: Introdu{\c{c}}{\~a}o ao Desenvolvimento Web com HTML, CSS, JavaScript e PHP-Eixo: Informa{\c{c}}{\~a}o e Comunica{\c{c}}{\~a}o-S{\'e}rie Tekne},
  author={Miletto, Evandro Manara and de Castro Bertagnolli, Silvia},
  year={2014},
  publisher={Bookman Editora}
}

@misc{OqueeumF24:online,
author = {Rafael Jaques},
title = {O que é um Framework? Para que serve?},
howpublished = {Disponível em: \url{http://www.phpit.com.br/artigos/o-que-e-um-framework.phpit}},
year = {2016},
note = {Acesso em: 06/04/2019}
}
@article{badindesenvolvimento,
  title={DESENVOLVIMENTO DE UM GEOSSISTEMA WEB (WORLD WIDE WEB) DE DADOS ESPACIAIS A PARTIR TECNOLOGIAS E SOFTWARES LIVRES DE CÓDIGO ABERTO DEVELOPMENT OF A WEB GEOSYSTEM (WORLD WIDE WEB) SPATIAL DATA FROM TECHNOLOGY AND FREE SOFTWARE OPEN SOURCE},
  author={Badin, Tiago Luis and Alba, Elisiane and Marchesan, Juliana and Mello, Eliziane Pivoto and Schuh, Mateus Sabadi and Pereira, Rudiney Soares},
publisher={6º FÓRUM INTERNACIONAL ECOINOVAR},
year = {2017}
}

@misc{Djangoem92:online,
author = {Django},
title = {Documentação do Django},
howpublished = {Disponível em: \url{https://docs.djangoproject.com/en/2.2/intro/overview/}},
year = {2019},
note = {Acesso em: 06/05/2019}
}

@misc{Sistemas41:online,
author = {CAMILA CAMARGO},
title = {Sistemas operacionais móveis: qual a diferença?},
howpublished = {Disponível em: \url{https://www.tecmundo.com.br/samsung/3702-sistemas-operacionais-moveis-qual-a-diferenca-.htm}},
year = {2010},
note = {Acesso em: 06/05/2019}
}
@misc{iOSvsAnd26:online,
author = {Martyn Casserly},
title = {iOS vs Android: quem domina o mercado de smartphones?},
howpublished = {Disponível em: \url{https://pcworld.com.br/ios-vs-android-quem-domina-o-mercado-de-smartphones/}},
year = {2019},
note = {Acesso em: 06/05/2019}
}

@misc{Aplicaco50:online,
author = {HENRIQUE MACHADO GASPAROTTO},
title = {Aplicações Móveis: Nativas ou Web?},
howpublished = {Disponível em: \url{https://www.devmedia.com.br/aplicacoes-moveis-nativas-ou-web/30392}},
year = {2014},
note = {Acesso em: 06/05/2019}
}
@misc{Introduc9:online,
author = {Iury Lira Ribeiro},
title = {Introdução ao Desenvolvimento Móvel},
howpublished = {Disponível em: \url{https://www.slideshare.net/iurylira/desenvolvimento-mvel-12688321}},
year = {2012},
note = {Acesso em: 06/05/2019}
}
@misc{Desenvol53:online,
author = {FRANCISCO IURY TEIXEIRA DA SILVA},
title = {Desenvolvendo sua primeira aplicação móvel multiplataforma},
howpublished = {Disponível em: \url{https://www.devmedia.com.br/desenvolvendo-sua-primeira-aplicacao-movel-multiplataforma-revista-mobile-magazine-46/27136}},
year = {2013},
note = {Acesso em: 06/05/2019}
}
@misc{Benefits70:online,
author = {Cygnis Media},
title = {Benefits (and Disadvantages) of Developing Cross-Platform Mobile Apps},
howpublished = {Disponível em: \url{https://www.cygnismedia.com/blog/developing-cross-platform-mobile-apps/}},
year = {2013},
note = {Acesso em: 06/05/2019}
}
@misc{Conhecen37:online,
author = {Junior Abranches},
title = {Conhecendo um pouco mais do Flutter},
howpublished = {Disponível em: \url{https://imasters.com.br/framework/conhecendo-um-pouco-mais-flutter}},
year = {2018},
note = {Acesso em: 06/05/2019}
}
@misc{flutterf54:online,
author = {Flutter},
title = {Flutter makes it easy and fast to build beautiful mobile apps.},
howpublished = {Disponível em: \url{https://github.com/flutter/flutter}},
year = {2019},
note = {Acesso em: 06/05/2019}
}
@article{corazza2018aplicativo,
  title={Um aplicativo multiplataforma desenvolvido com flutter e NoSQL para o cálculo da probabilidade de apendicite},
  author={Corazza, Paulo Victor},
  year={2018}
}
@article{araujo2007impacto,
  title={Impacto da cesta b{\'a}sica entre regi{\~o}es de monocultivo e policultivo Estudo de Caso},
  author={Ara{\'u}jo, Carlos Eduardo Silva and Barbosa, Luciano Celso Brand{\~a}o Guerreiro and Lages, Andr{\'e} Maia Gomes},
  journal={Revista de Pol{\'\i}tica Agr{\'\i}cola},
  volume={16},
  number={3},
  pages={99--112},
  year={2007}
}

@misc{DartNova22:online,
author = {Rafael Cichini},
title = {Dart: Nova linguagem de programação estruturada da Google - Blog - Insights - Just DigitalBlog – Insights – Just Digital},
howpublished = {\url{http://blog.justdigital.com.br/dart-nova-linguagem-de-programacao-estruturada-da-google/}},
month = {10},
year = {2011},
note = {Acesso em: 06/05/2019}
}

@misc{Linguage47:online,
author = {Luciano Borges},
title = {Linguagem Dart (Google)},
howpublished = {\url{https://pt.slideshare.net/proflborges/linguagem-dart-google}},
month = {11},
year = {2012},
note = {Acesso em: 06/05/2019}
}

@book{milani2007mysql,
  title={MySQL-guia do programador},
  author={Milani, Andr{\'e}},
  year={2007},
  publisher={Novatec Editora}
}

@misc{OqueumS70:online,
author = {Lucas Tavares},
title = {O que é um Servidor Web (Web Server) - Melhor Hospedagem de Sites},
howpublished = {\url{https://www.melhoreshospedagemdesites.com/servidor-web/}},
month = {06},
year = {2019},
note = {Acesso em: 08/07/2020}
}
% Incluir as demais referências ...

% Consulte o manual de referências para entender como manter a bibliografia e fazer citações no documento
% http://get-software.net/macros/latex/contrib/abntex2/doc/abntex2cite-alf.pdf
